<?xml version="1.0" encoding="UTF-8"?><record xmlns="http://www.loc.gov/MARC21/slim" xmlns:cinclude="http://apache.org/cocoon/include/1.0" xmlns:zs="http://www.loc.gov/zing/srw/">
  <leader>00421nz  a2200121n  4500</leader>
  <controlfield tag="001">n  85829445 </controlfield>
  <controlfield tag="003">DLC</controlfield>
  <controlfield tag="005">19851217091159.4</controlfield>
  <controlfield tag="008">851217n| acannaab|          |n aad |||  </controlfield>
  <datafield tag="010" ind1=" " ind2=" ">
    <subfield code="a">n  85829445 </subfield>
  </datafield>
  <datafield tag="040" ind1=" " ind2=" ">
    <subfield code="a">DLC</subfield>
    <subfield code="c">DLC</subfield>
  </datafield>
  <datafield tag="100" ind1="1" ind2="0">
    <subfield code="a">Vallabhaneni, Ramesh Babu,</subfield>
    <subfield code="d">1953-</subfield>
  </datafield>
  <datafield tag="670" ind1=" " ind2=" ">
    <subfield code="a">nuc85-78961: His Multiple endocrine neoplasia type-2 ... 1983</subfield>
    <subfield code="b">(hdg. on MiDW rept.: Vallabhaneni, Ramesh Babu, 1953- ; usage: Ramesh Babu Vallabhaneni)</subfield>
  </datafield>
</record>